<record><leader>00000cas a22000007a 4500</leader><controlfield tag="001">10487478</controlfield><controlfield tag="008">840305d18691877meuwr ne      0    0eng d</controlfield><datafield ind1=" " ind2=" " tag="010"><subfield code="a">sn 84022576 </subfield></datafield><datafield ind1=" " ind2=" " tag="040"><subfield code="a">NPX</subfield><subfield code="b">eng</subfield><subfield code="c">NPX</subfield><subfield code="d">MGN</subfield><subfield code="d">MBN</subfield><subfield code="d">OCLCF</subfield><subfield code="d">OCLCO</subfield></datafield><datafield ind1="1" ind2=" " tag="029"><subfield code="a">AU@</subfield><subfield code="b">000020228201</subfield></datafield><datafield ind1=" " ind2=" " tag="042"><subfield code="a">msc</subfield></datafield><datafield ind1=" " ind2=" " tag="043"><subfield code="a">n-us-me</subfield></datafield><datafield ind1="0" ind2="4" tag="245"><subfield code="a">The Seaside oracle.</subfield></datafield><datafield ind1=" " ind2=" " tag="260"><subfield code="a">Wiscasset, Me. :</subfield><subfield code="b">Joseph Wood,</subfield><subfield code="c">1869-1877.</subfield></datafield><datafield ind1=" " ind2=" " tag="300"><subfield code="a">v. :</subfield><subfield code="b">ill.</subfield></datafield><datafield ind1=" " ind2=" " tag="310"><subfield code="a">Weekly,</subfield><subfield code="b">1872-</subfield></datafield><datafield ind1=" " ind2=" " tag="321"><subfield code="a">Monthly,</subfield><subfield code="b">1869</subfield></datafield><datafield ind1=" " ind2=" " tag="321"><subfield code="a">Semimonthly,</subfield><subfield code="b">1870-1871</subfield></datafield><datafield ind1="0" ind2=" " tag="362"><subfield code="a">Vol. 1, no. 1 (Jan. 1869)-v. 9, no. 21 (May 26, 1877).</subfield></datafield><datafield ind1=" " ind2=" " tag="500"><subfield code="a">Editor: J. Wood.</subfield></datafield><datafield ind1=" " ind2=" " tag="500"><subfield code="a">Published: Bath, Sept. 30, 1876-1877.</subfield></datafield><datafield ind1=" " ind2=" " tag="500"><subfield code="a">Publishers: Joseph Wood &amp; Fen. G. Barker, 1876-1877.</subfield></datafield><datafield ind1=" " ind2=" " tag="525"><subfield code="a">Supplements issued weekly, &lt;Oct. 10-Dec. 26, 1874, Feb. 20, 1875-May 13,1876&gt;.</subfield></datafield><datafield ind1=" " ind2="0" tag="651"><subfield code="a">Wiscasset (Me.)</subfield><subfield code="v">Newspapers.</subfield></datafield><datafield ind1=" " ind2="0" tag="651"><subfield code="a">Bath (Me.)</subfield><subfield code="v">Newspapers.</subfield></datafield><datafield ind1=" " ind2="7" tag="655"><subfield code="a">Newspapers.</subfield><subfield code="2">fast</subfield><subfield code="0">(OCoLC)fst01423814</subfield></datafield><datafield ind1=" " ind2="7" tag="651"><subfield code="a">Maine</subfield><subfield code="z">Bath.</subfield><subfield code="2">fast</subfield><subfield code="0">(OCoLC)fst01210217</subfield></datafield><datafield ind1=" " ind2="7" tag="651"><subfield code="a">Maine</subfield><subfield code="z">Wiscasset.</subfield><subfield code="2">fast</subfield><subfield code="0">(OCoLC)fst01262173</subfield></datafield><datafield ind1="1" ind2=" " tag="700"><subfield code="a">Wood, Joseph.</subfield></datafield><datafield ind1=" " ind2=" " tag="752"><subfield code="a">United States</subfield><subfield code="b">Maine</subfield><subfield code="c">Sagadahoc</subfield><subfield code="d">Bath.</subfield></datafield><datafield ind1=" " ind2=" " tag="752"><subfield code="a">United States</subfield><subfield code="b">Maine</subfield><subfield code="c">Lincoln</subfield><subfield code="d">Wiscasset.</subfield></datafield><datafield ind1="0" ind2="0" tag="785"><subfield code="t">Bath commercial</subfield><subfield code="w">(DLC)sn 95067838</subfield></datafield></record>